@online{site:milestone,
    title	= {Milestone Home Page},
    year	= {2014},
    url		= {http://milestone.it/azienda/chi-siamo/}
}

@online{site:accordo-namco-bandai,
	title	= {Accordo Namco Bandai},
	year	= {2014},
	url		= {http://motogpvideogame.com/wp-content/uploads/MOTO-GP14-announcement_v4.pdf}
}

@online{site:approfondimento-TRC,
	title	= {Approfondimento TRC},
	year	= {2014},
	url		= {http://research.ncl.ac.uk/game/mastersdegree/workshops/technicalrequirementschecklists/Technical%20Requirements%20Checklist%20Workshop.pdf}
}

@online{site:approfondimento-game-testing,
	title	= {Approfondimento game testing},
	year	= {2014},
	url		= {http://en.wikipedia.org/wiki/Game_testing}
}

@online{site:lua-paper,
	title	= {Lua SPE paper},
	year	= {2014},
	url		= {http://www.lua.org/spe.html}
}

@inbook{inbook:game-coding-complete,
	author	= {Mike McShaffry, David Graham},
	title	= {Game Coding Complete},
	publisher={Course Technology},
	year	= {2013},
	location= {Boston},
	edition	= {4th},
	chapter	= {12}
}

@online{site:skeleton-terminoligy,
	title	= {Skeletal Animation},
	year	= {2010},
	url		= {http://www.wazim.com/Collada_Tutorial_1.htm}
}

@inbook{inbook:directx-book,
	author	= {Frank D. Luna},
	title	= {Introduction to 3D Game Programming with DirectX\textsuperscript{\textregistered} 11},
	publisher={Mercury Learning and Information},
	year	= {2012},
	location= {Dulles},
	edition	= {1st},
	chapter	= {3, 5, 24, 25}
}

@inbook{inbook:refactoring-book,
	author	= {Martin Fowler, Kent Beck, John Brant, William Opdyke, Don Roberts},
	title	= {Refactoring: improving the design of existing code},
	publisher={Addisong Wesley Longman, Inc},
	year	= {1999},
	location= {Westford},
	edition	= {1st}
}